@manual{23.501,
	organization = {3rd Generation Partnership Project},
	title = {System architecture for the 5G system (5GS)},
	number = {3GPP TS 23.501},
	year = {2024},
	month = {9},
}